@article{hss,
author = {侯帅帅 and 欧秀丽},
title = {摩托车头盔产品质量安全风险分析},
journal = {质量与认证},
volume = {},
number = {09},
pages = {91-92},
year = {2023},
}
@inproceedings{Viola2001,
  author    = {Viola, Paul and Jones, Michael},
  title     = {Rapid Object Detection using a Boosted Cascade of Simple Features},
  booktitle = {Proceedings of the IEEE Conference on Computer Vision and Pattern Recognition (CVPR)},
  year      = {2001},
  volume    = {1},
  pages     = {511-518},
  publisher = {IEEE Computer Society},
}

@inproceedings{Dalal2005,
  author    = {Dalal, N. and Triggs, B.},
  title     = {Histograms of Oriented Gradients for Human Detection},
  booktitle = {IEEE CVPR},
  year      = {2005},
  pages     = {886-893}
}

@inproceedings{Felzenszwalb2008,
  author    = {Felzenszwalb, P. F. and McAllester, D. and Ramanan, D.},
  title     = {A Discriminatively Trained, Multiscale, Deformable Part Model},
  booktitle = {IEEE CVPR},
  year      = {2008},
  pages     = {1-8}
}

@inproceedings{Felzenszwalb2010Cascade,
  author    = {Felzenszwalb, P. F. and Girshick, R. B. and McAllester, D.},
  title     = {Cascade Object Detection with Deformable Part Models},
  booktitle = {IEEE CVPR},
  year      = {2010},
  pages     = {2241-2248}
}

@article{alexNet,
    author = {Alex Krizhevsky and Ilya Sutskever and Geoffrey E. Hinton},
    title = {ImageNet Classification with Deep Convolutional Neural Networks},
    journal = {ImageNet Large Scale Visual Recognition Challenge},
    year = {2012},
}    

@inproceedings{rcnn,
  author    = {Girshick, Ross and Donahue, Jeff and Darrell, Trevor and Malik, Jitendra},
  title     = {Rich Feature Hierarchies for Accurate Object Detection and Semantic Segmentation},
  booktitle = {Proceedings of the IEEE Conference on Computer Vision and Pattern Recognition},
  year      = {2014},
  pages     = {580-587}
}

@article{selectSearch,
    author = {J. R. R. Uijlings and K. E. A. Sande and T. Gevers and A. W. M. Smeulders},
    title = {Selective Search for Object Recognition.},
    journal = {International Journal of Computer Vision},
    volume = {104},
    number = {2},
    pages = {154-171},
    year = {2013},
    issn = {0920-5691},
}    

@article{sppnet,
    author = {Kaiming He and Xiangyu Zhang and Shaoqing Ren and Jian Sun 0001},
    title = {Spatial Pyramid Pooling in Deep Convolutional Networks for Visual Recognition.},
    journal = {CoRR},
    volume = {abs/1406.4729},
    year = {2014},
}    



@article{fast-rcnn,
    author = {Ross B. Girshick},
    title = {Fast R-CNN.},
    journal = {CoRR},
    volume = {abs/1504.08083},
    year = {2015},
}   

@inproceedings{faster-rcnn,
  author    = {Ren, S. and He, K. and Girshick, R. and Sun, J.},
  title     = {Faster {R-CNN}: Towards {Real-Time} Object Detection with Region Proposal Networks},
  booktitle = {NeurIPS},
  year      = {2015},
  pages     = {91-99}
}

@inproceedings{yolo,
  author    = {Redmon, J. and Divvala, S. and Girshick, R. and Farhadi, A.},
  title     = {{You Only Look Once}: Unified, Real-Time Object Detection},
  booktitle = {IEEE CVPR},
  year      = {2016},
  pages     = {779-788}
}

@inproceedings{yolov2,
  author    = {Redmon, J. and Farhadi, A.},
  title     = {{YOLO9000}: Better, Faster, Stronger},
  booktitle = {IEEE CVPR},
  year      = {2017},
  pages     = {6517-6525}
}

@article{yolov3,
  author    = {Redmon, J. and Farhadi, A.},
  title     = {{YOLOv3}: An Incremental Improvement},
  journal   = {arXiv:1804.02767},
  year      = {2018}
}

@article{yolov4,
  author  = {Bochkovskiy, Alexey and Wang, Chien-Yao and Liao, Hong-Yuan Mark},
  title   = {{YOLOv4}: Optimal Speed and Accuracy of Object Detection},
  journal = {arXiv:2004.10934},
  year    = {2020}
}

@techreport{yolov6,
  author    = {Li, Chuyi and Li, Lulu and Jiang, Hongliang and Weng, Kaiheng and Wang, Yifei},
  title     = {{YOLOv6}: A Single-Stage Object Detection Framework for Industrial Applications},
  institution = {Meituan (美团)},
  year      = {2022},
}

@article{yolov7,
  author    = {Wang, Chien-Yao and Bochkovskiy, Alexey and Liao, Hong-Yuan Mark},
  title     = {{YOLOv7}: Trainable Bag-of-Freebies Sets New State-of-the-Art for Real-Time Object Detectors},
  journal   = {arXiv:2207.02696},
  year      = {2022},
}

@article{yolov9,
  author    = {Wang, Chien-Yao and Bochkovskiy, Alexey and Liao, Hong-Yuan Mark},
  title     = {{YOLOv9}: Learning What You Want to Learn Using Programmable Gradient Information},
  journal   = {arXiv:2402.13616},
  year      = {2024}
}

@article{yolov10,
  author    = {Wang, Chien-Yao and Bochkovskiy, Alexey and Liao, Hong-Yuan Mark},
  title     = {{YOLOv10}: Real-Time End-to-End Object Detection with Enhanced Efficiency-Accuracy Tradeoff},
  journal   = {arXiv:2405.14458},
  year      = {2024}
}

@article{ex1,
    author = {张浩晨 and 张竹林 and 史瑞岩 and 王文翰 and 雷镇诺},
    title = {YOLO-CDC:优化改进YOLOv8的车辆目标检测算法},
    journal = {计算机工程与应用},
    pages = {1-15},
    year = {2025},
    issn = {1002-8331},
}
  
@article{ex2,
    author = {  Naeem Raza and     Muhammad Asif Habib and     Mudassar Ahmad and     Qaisar Abbas and     Mutlaq B. Aldajani and Muhammad Ahsan Latif},
    title = {Efficient and Cost-Effective Vehicle Detection in Foggy Weather for Edge/Fog-Enabled Traffic Surveillance and Collision Avoidance Systems},
    journal = {Computers, Materials &amp; Continua},
    volume = {81},
    number = {1},
    pages = {911-931},
    year = {2024},
    issn = {1546-2218},
}    

@article{ex3,
  author = {Feilong Wang and Xiaobing Yang and Juan Wei},
  title = {YOLO-ESL: An Enhanced Pedestrian Recognition Network Based on YOLO},
  journal = {Applied Sciences},
  volume = {14},
  number = {20},
  pages = {9588-9588},
  year = {2024},
}    

@article{ex4,
  author = {袁婷婷 and 赖惠成 and 汤静雯 and 张晞 and 高古学},
  title = {LMFI-YOLO: 复杂场景下的轻量化行人检测算法},
  journal = {计算机工程与应用},
  pages = {1-15},
  issn = {1002-8331},
  year = {2025},
}    

@article{ex5,
  author = {秦乐 and 谭泽富 and 雷国平 and 陈秋伯},
  title = {EMF-YOLO: 轻量化多尺度特征提取路面缺陷检测算法},
  journal = {计算机工程与应用},
  pages = {1-12},
  issn = {1002-8331},
  year = {2025},
}    













